<record><leader>00000cas a22000001a 4500</leader><controlfield tag="001">32997292</controlfield><controlfield tag="007">hd afb---baca</controlfield><controlfield tag="007">hd bfb---baaa</controlfield><controlfield tag="008">950817d1878191unhuwn nea     0   a0eng  </controlfield><datafield ind1=" " ind2=" " tag="010"><subfield code="a">sn 94094427 </subfield></datafield><datafield ind1=" " ind2=" " tag="040"><subfield code="a">DLC</subfield><subfield code="b">eng</subfield><subfield code="c">RQM</subfield><subfield code="d">OCLCQ</subfield></datafield><datafield ind1=" " ind2=" " tag="012"><subfield code="i">9508</subfield></datafield><datafield ind1=" " ind2=" " tag="042"><subfield code="a">pcc</subfield></datafield><datafield ind1="0" ind2="0" tag="050"><subfield code="a">Microfilm 05738</subfield></datafield><datafield ind1="0" ind2="4" tag="245"><subfield code="a">The White Mountain echo and tourist's register</subfield><subfield code="h">[microform].</subfield></datafield><datafield ind1="1" ind2="7" tag="246"><subfield code="a">White Mountain echo</subfield><subfield code="f">&lt;Aug. 28, 1880-&gt;</subfield></datafield><datafield ind1=" " ind2=" " tag="260"><subfield code="a">Bethlehem, N.H. :</subfield><subfield code="b">White Mt. Echo,</subfield><subfield code="c">1878-</subfield></datafield><datafield ind1=" " ind2=" " tag="300"><subfield code="a">v.</subfield></datafield><datafield ind1=" " ind2=" " tag="310"><subfield code="a">Weekly (during Summer season)</subfield></datafield><datafield ind1="0" ind2=" " tag="362"><subfield code="a">Vol. 1, no. 1 (July 13, 1878)-</subfield></datafield><datafield ind1=" " ind2=" " tag="500"><subfield code="a">Occasionally published also in North Conway, N.H.</subfield></datafield><datafield ind1=" " ind2=" " tag="550"><subfield code="a">Authorized organ of United States Hay Fever Association.</subfield></datafield><datafield ind1=" " ind2=" " tag="533"><subfield code="a">Microfilm.</subfield><subfield code="m">v.1-24 (July 13,1878-Sept. 21,1901):[Gaps]</subfield><subfield code="b">Washington, D.C. :</subfield><subfield code="c">Library of Congress Preservation Microfilming Program :</subfield><subfield code="c">Available from Library of Congress Photoduplication Service.</subfield><subfield code="e">microfilm reels ; 35 mm.</subfield></datafield><datafield ind1=" " ind2=" " tag="752"><subfield code="a">United States</subfield><subfield code="b">New Hampshire</subfield><subfield code="c">Grafton</subfield><subfield code="d">Bethlehem.</subfield></datafield><datafield ind1=" " ind2=" " tag="752"><subfield code="a">United States</subfield><subfield code="b">New Hampshire</subfield><subfield code="c">Carroll</subfield><subfield code="d">North Conway.</subfield></datafield><datafield ind1="1" ind2=" " tag="776"><subfield code="c">Original</subfield><subfield code="w">(DLC)sn 91063244</subfield></datafield><datafield ind1="0" ind2="0" tag="785"><subfield code="t">White Mountain echo</subfield></datafield><datafield ind1=" " ind2=" " tag="850"><subfield code="a">DLC</subfield><subfield code="a">DLC (master)</subfield></datafield><datafield ind1="1" ind2=" " tag="029"><subfield code="a">AU@</subfield><subfield code="b">000011908473</subfield></datafield></record>